@article{buchheit2022singular,
	title={Singular Euler--Maclaurin expansion on multidimensional lattices},
	author={Buchheit, Andreas A and Ke{\ss}ler, Torsten},
	journal={Nonlinearity},
	volume={35},
	number={7},
	pages={3706},
	year={2022},
	publisher={IOP Publishing}
}

@article{buchheit2022efficient,
	title={On the efficient computation of large scale singular sums with applications to long-range forces in crystal lattices},
	author={Buchheit, Andreas A and Ke{\ss}ler, Torsten},
	journal={Journal of Scientific Computing},
	volume={90},
	number={1},
	pages={53},
	year={2022},
	publisher={Springer}
}

@article{buchheit2023exact,
	title={Exact continuum representation of long-range interacting systems and emerging exotic phases in unconventional superconductors},
	author={Buchheit, Andreas A and Ke{\ss}ler, Torsten and Schuhmacher, Peter K and Fauseweh, Benedikt},
	journal={Physical Review Research},
	volume={5},
	number={4},
	pages={043065},
	year={2023},
	publisher={APS}
}

@article{affeldt2023introduction,
	title={An Introduction to MathComp-Analysis},
	author={Affeldt, Reynald},
	year={2023}
}

@article{mahboubi2021mathematical,
	title={Mathematical components},
	author={Mahboubi, Assia and Tassi, Enrico},
	journal={Online book},
	year={2021}
}